@MISC{
        autodockvina,
        TITLE = "AutodockTools e Vina",
        HOWPUBLISHED = {\url{https://onlinelibrary.wiley.com/doi/abs/10.1002/jcc.21334
}},
        NOTE = "acessado em 28/04/2018"
}
@MISC{
        CAPRI,
        TITLE = "Site CAPRI",
        HOWPUBLISHED = {\url{http://www.capri-docking.org/}},
        NOTE = "acessado em 03/06/2018"
}
@MISC{
        RIGID_FLEXIBLE,
        TITLE = "Protein-protein docking guided by biochemical data",
        HOWPUBLISHED = {\url{http://projects.villa-bosch.de/mcm/pictures/i3_5
}},
        NOTE = "acessado em 23/06/2018"
}
@MISC{
        proteina1IEP,
        TITLE = "Estrutura da proteína 1IEP",
        HOWPUBLISHED = {\url{https://www.rcsb.org/structure/1IEP}},
        NOTE = "acessado em 18/04/2018"
}

@article{ishikawa2011binding,
  title={Binding mode prediction and inhibitor design of anti-influenza virus diketo acids targeting metalloenzyme RNA polymerase by molecular docking},
  author={Ishikawa, Yoshinobu and Fujii, Satoshi},
  journal={Bioinformation},
  volume={6},
  number={6},
  pages={221},
  year={2011},
  publisher={Biomedical Informatics Publishing Group}
}

@article{holland1975adaptation,
  title={Adaptation in natural and artificial systems. An introductory analysis with application to biology, control, and artificial intelligence},
  author={Holland, John H},
  journal={Ann Arbor, MI: University of Michigan Press},
  pages={439--444},
  year={1975}
}

@article{morris1998automated,
  title={Automated docking using a Lamarckian genetic algorithm and an empirical binding free energy function},
  author={Morris, Garrett M and Goodsell, David S and Halliday, Robert S and Huey, Ruth and Hart, William E and Belew, Richard K and Olson, Arthur J and others},
  journal={Journal of computational chemistry},
  volume={19},
  number={14},
  pages={1639--1662},
  year={1998}
}

@article{kirkpatrick1984optimization,
  title={Optimization by simulated annealing: Quantitative studies},
  author={Kirkpatrick, Scott},
  journal={Journal of statistical physics},
  volume={34},
  number={5-6},
  pages={975--986},
  year={1984},
  publisher={Springer}
}

@article{lybrand1995ligand,
  title={Ligand—protein docking and rational drug design},
  author={Lybrand, Terry P},
  journal={Current opinion in structural biology},
  volume={5},
  number={2},
  pages={224--228},
  year={1995},
  publisher={Elsevier}
}

@article{caflisch1992monte,
  title={Monte Carlo docking of oligopeptides to proteins},
  author={Caflisch, Amedeo and Niederer, Peter and Anliker, Max},
  journal={Proteins: Structure, Function, and Bioinformatics},
  volume={13},
  number={3},
  pages={223--230},
  year={1992},
  publisher={Wiley Online Library}
}

@article{mamoshina2016applications,
  title={Applications of deep learning in biomedicine},
  author={Mamoshina, Polina and Vieira, Armando and Putin, Evgeny and Zhavoronkov, Alex},
  journal={Molecular pharmaceutics},
  volume={13},
  number={5},
  pages={1445--1454},
  year={2016},
  publisher={ACS Publications}
}

@article{korotcov2017comparison,
  title={Comparison of Deep Learning With Multiple Machine Learning Methods and Metrics Using Diverse Drug Discovery Data Sets},
  author={Korotcov, Alexandru and Tkachenko, Valery and Russo, Daniel P and Ekins, Sean},
  journal={Molecular pharmaceutics},
  volume={14},
  number={12},
  pages={4462--4475},
  year={2017},
  publisher={ACS Publications}
}

@article{kitchen2004docking,
  title={Docking and scoring in virtual screening for drug discovery: methods and applications},
  author={Kitchen, Douglas B and Decornez, H{\'e}l{\`e}ne and Furr, John R and Bajorath, J{\"u}rgen},
  journal={Nature reviews Drug discovery},
  volume={3},
  number={11},
  pages={935},
  year={2004},
  publisher={Nature Publishing Group}
}

@article{trott2010autodock,
  title={AutoDock Vina: improving the speed and accuracy of docking with a new scoring function, efficient optimization, and multithreading},
  author={Trott, Oleg and Olson, Arthur J},
  journal={Journal of computational chemistry},
  volume={31},
  number={2},
  pages={455--461},
  year={2010},
  publisher={Wiley Online Library}
}
@article{shoichet2002lead,
  title={Lead discovery using molecular docking},
  author={Shoichet, Brian K and McGovern, Susan L and Wei, Binqing and Irwin, John J},
  journal={Current Opinion in Chemical Biology},
  volume={6},
  number={4},
  pages={439--446},
  year={2002},
  publisher={Elsevier}
}
@article{xue2015protein,
  title={Protein-protein interface predictions by data-driven methods: a review},
  author={Xue, Li C and Dobbs, Drena and Bonvin, Alexandre MJJ and Honavar, Vasant},
  journal={FEBS letters},
  volume={589},
  number={23},
  pages={3516},
  year={2015},
  publisher={NIH Public Access}
}

@article{lima11molecular,
  title={Molecular docking of potential curcuminoids inhibitors of the NS1 protein of dengue virus},
  author={Lima, Aurineide Ribeiro and Silva, Jacilene and Bezerra, Lucas Lima and Marinho, M{\'a}rcia Machado and Marinho, Emmanuel Silva},
  journal={genome},
  volume={11},
  pages={12}
}

@article{pagadala2017software,
  title={Software for molecular docking: a review},
  author={Pagadala, Nataraj S and Syed, Khajamohiddin and Tuszynski, Jack},
  journal={Biophysical reviews},
  volume={9},
  number={2},
  pages={91--102},
  year={2017},
  publisher={Springer}
}

@article{rodrigues2012estrategias,
  title={Estrat{\'e}gias de triagem virtual no planejamento de f{\'a}rmacos},
  author={Rodrigues, Ricardo P and Mantoani, Susimaire P and de Almeida, Jonathan R and Pinsetta, Fl{\'a}vio Roberto and Semighini, Evandro P and da Silva, Vinicius B and da Silva, Carlos Henrique TP},
  journal={Revista Virtual de Qu{\'\i}mica},
  volume={4},
  number={6},
  pages={739--776},
  year={2012}
}

@article{sliwoski2014computational,
  title={Computational methods in drug discovery},
  author={Sliwoski, Gregory and Kothiwale, Sandeepkumar and Meiler, Jens and Lowe, Edward W},
  journal={Pharmacological reviews},
  volume={66},
  number={1},
  pages={334--395},
  year={2014},
  publisher={ASPET}
}
